1798 2516
144 277 185 308 3.
140 486 1556 541 in uno stato di massima tensione, sia mentale che fisica, fino alla sua morte avvenuta in
132 562 1560 615 un incidente automobilistico nel 1956. Fino ad allora Pollock non aveva subito in-
134 638 1546 691 cidenti ma era vissuto per lungo tempo sull'orlo della violenza e della catastrofe".
132 713 1554 764 Basta pensare ai suoi metodi di lavoro, alla sua tecnica, diciamo così, che rasentano il gesto,
128 792 1568 844 la pratica rituale, l'esorcismo, e quindi, in un certo senso, la "bestemmia" lirica ed umana, come
132 862 1548 917 erano stati affrontati dallo spirito di Rimbaud. Tutta, o quasi tutta, la pittura di Pollock, va intesa
138 940 1554 993 come una negazione fanatica della realtà, della verità di natura. Così l'impiego, come strumenti, in
138 1016 1548 1069 luogo dei pennelli, atavicamente concepiti come prolungamento della mano dell'artista, degli oggetti
142 1094 1528 1145 più disparati: bastoni, cenci, barattoli di latta bucati nel fondo, e da cui colava, come in una
130 1169 1546 1225 maledizione, un colore violento, con cui ricopriva, solcava, imbrattava i suoi cartoni, fogli di
136 1244 1552 1298 compensato e tele, distesi per terra. Divenivano pavimenti, tappeti sinistri di poesia, di urlo,
138 1322 1158 1373 di grido, come espressione della poesia più atroce che il cuore umano
1033 1296 1166 1331 d'uomo
1158 1323 1568 1371 possa contenere. I colori violen-
132 1397 1576 1453 ti della passione: il giallo, il rosso, il verde, confusi al nero del catrame, dell'asfalto. Da giovane, ave-
136 1470 1578 1525 va attraversato e percorso i territori del New Mexico, folgorato di stupore per le pitture rituali e stre-
148 1548 1236 1601 gonesche che gli indiani Navaho compiono, spargendo terra colorata e sabbia <???>
1160 1516 1249 1548 sulla
1236 1551 1564 1601 terra: pittura che, secondo
138 1626 1582 1677 la religione di quel popolo, devono vivere solo per un giorno, alla luce del sole, e che la notte farà scompa-
134 1706 1576 1750 rure. L'America, evidentemente, sconta la sorte di tali incroci e deformazioni. Ma non può negarsi
138 1790 482 1822 che l'Europa intera, sia
472 1750 538 1782 pure
482 1788 855 1822 coi suoi caratteri distinti
740 1752 876 1790 tradizionali
855 1786 1584 1820 di civiltà, retta da un equilibrio diverso, non abbia
140 1860 1576 1901 in qualce modo avvertito il contraccolpo di codesto eccezionale avvenimento, di stravolgimento,
140 1940 1398 1978 quasi di terremoto dell'ordine dello spirito e della morale, che aveva ed ha avuto per centro
1380 1902 1492 1936 epicentro
1481 1943 1570 1976 l'Ame-
134 2008 360 2057 rica del nord.
