1798 2516
1552 275 1602 321 4.
224 491 1620 547 Ritornando a parlare dell'oggetto di quella mia suggestione, e immagine figurativa, in cui
222 563 1644 620 aveva preso forma, come ho accennato, dapprima una astratta e metafisica figura di ovoide, che
220 643 1618 695 altro non era se non una testa femminile, tracciata in qualche parte dalla mano di Raffaello,
218 721 1610 773 volli in seguito ritrovare la testimonianza materiale di quella suggestione e del successivo
230 793 1660 847 convincimento. Io penso ancora che debba trattarsi, effettivamente, di un disegno di Raffaello,
222 867 1616 925 una di quelle sue "idee" per una testa di madonna: tracciate sulla carta, con una penna sottile,
220 947 1646 1001 e un poco di inchiostro, che finiscono per restare nella memoria come la trama impalpabile di una
220 1023 1666 1079 fantastica tela di ragno. E, fino ad ora, non mi fu dato di rintracciarla. A poco a poco, quella figu-
216 1097 1273 1153 ra, prodottasi da un attimo di un sentimento umano, e da una tenue larva
1194 1067 1300 1100 larva
1273 1096 1630 1145 di pensiero poetico, <inclinò?>
216 1184 1654 1224 a fondersi in una più generica e tipica forma di figura raffaellesca. Ogni testa di donna, o di ma-
210 1264 812 1300 donna di Raffello, così come le conosciamo,
686 1230 836 1264 conosciamo
812 1262 1646 1300 mi pareva che denunciasse e dichiarasse la sua discendenza
218 1333 353 1385 fisica,
337 1303 365 1334 e
353 1325 1640 1379 carnale derivazione da quell'idea e formula pittorica. Così avvenne, ora sono pochi giorni,
222 1403 936 1455 che essendo ancora fresco dell'impressione ricevuta
796 1371 947 1407 ricevuta
936 1399 1654 1451 dalla consultazione dell'opera del critico americano
216 1481 503 1530 sul pittore Pollock
499 1446 547 1481 che
503 1477 1656 1531 <???> dovetti recarmi all'improvviso, per tutt'altre cose, a Roma. E quando vera-
208 1553 1658 1609 mente ritenevo di avere messo in disparte sia il ricordo di quell'immagine, come l'effetto del-
216 1629 1670 1683 l'incontro con la tragica opera dell'americano Pollock, mi ritrovai, senza una ragione preconcetta,
222 1715 1634 1753 dentro la stanza del palazzo Barberini. É un luogo, nella sua magnificenza, del tutto romana e
236 1792 1083 1832 papale, di un sereno raccoglimento. Avevo attraversato
984 1754 1070 1788 le camere
1083 1790 1652 1824 e brevemente sostato davanti a pitture
230 1855 1640 1909 che conoscevo abbastanza, ad altre che mi pareva di osservare per la prima volta. Quando, in una
218 1931 1646 1985 sala che, pur avendo parti lasciate in ombra, era dolcemente invasa, sulla parete davanti, dalla luce
220 2007 1644 2063 bianca di un sole di gennaio, avvertii che, al mio fianco, qualcosa mi aspettava. Mi volsi, in una
