1798 2516
540 373 1272 426 Jackson Pollock e la Fornarina
154 565 1570 620 Da tempo, mi ronzava in mente, con l'insisenza fisica di un oggetto visto e considerato
150 646 1536 690 in una particolare condizione dello spirito, un ovale, una forma geometrica di ovoide,
150 729 832 766 che, perduta ogni suggestione metafisica
508 688 760 724 ogni imposizione
832 725 1578 760 della geometria come ordine morale, acquistava
140 790 1552 849 a poco a poco di una ragione umana, che intiepidiva quella fredda forma. L"ovo" della
146 868 1562 926 mia fissazione, e quasi uscito dalla lunghezza di un pensiero protratto infinitamente, era,
140 952 1578 998 in verità, solo la forma di un volto umano. Era una testa, e un volto, di Raffaello. Do-
140 1030 1027 1068 vevo averlo ricavato da un disegno di Raffaello, visto
924 998 1054 1030 osservato
1027 1029 1550 1064 chissà quando, e non so dove. Una
142 1097 1554 1146 delle sue teste, cosidette di madonne. Ogni volta che mi ricompariva agli occhi della mente, mi
148 1173 1576 1224 inteneriva per la sua profonda sostanza umana. Come il prodotto di una meditazione, che aven-
144 1245 1552 1300 do consumato dentro di sé il movente, il motivo della commozione, si imponeva, e durava
144 1325 1560 1378 nel tempo, solo come forma, come idea di un sentimento calato e fuso in una linea, in un
148 1403 972 1452 contorno non transitorio di pensiero, e quindi di arte.
164 1474 1546 1532 Fu nello stesso periodo di tempo, che ebbi occasione di colsultare e di avvicinarmi ad un
150 1549 1556 1606 libro, ad un'opera di intelligente intepretazione del pittore americano Jackson Pollock.
146 1625 1574 1677 Un'opera, dove il lavoro del pittore: cioè la manifestazione esterna di una tragica spiritualità,
154 1711 1570 1752 sono di continuo messi in rapporto con le condizioni ed occasioni quotidiane dell'esi-
144 1790 802 1832 stenza. Groviglio e confronto, che del resto,
722 1758 786 1790 resto
802 1786 1582 1824 sono la ragione stessa della pittura di Pollock. Con
156 1860 1570 1902 la sola spiegazione che i motivi di una simile lotta disperata dormivano, e, quando si risve-
166 1946 526 1978 gliavano, sostavano
346 1910 512 1944 liberavano
526 1936 1550 1978 le ragioni infrenabili della sua pittura, proprio nel fondo della sua
158 2010 814 2065 qualità, della sua natura di uomo. Quello
805 1977 842 2007 che
814 2005 1558 2054 si dice, il suo destino. La conoscenza che abbiamo
