1798 2516
1560 271 1616 322 2.
226 488 1380 541 della pittura di Pollock trova una utile e convincente illustrazione nel
1325 468 1380 498 nel
1380 487 1606 546 libro di Bryan
220 563 1644 618 Robertson. Senza contare il repertorio iconografico, di fotografie del pittore negli anni del
216 641 1658 696 suo lavoro. Volto, per l'età ancora giovanile, consumato dall'ansia e dall'alcool. Un perso-
218 730 1320 769 naggio dell'"angoscia moderna", ma che riassume i tratti fisici di <???>
1249 689 1322 726 una
1320 730 1658 764 tragica persona da <???>
216 816 277 846 <???>
216 780 328 816 dramma
277 802 1658 846 elisabettiano. E sono volti particolari, nella loro distruzione, dell'anima anglo-americana.
238 863 1642 919 "Pollock, scrive il Robertson, non fu un violento, fu portato alla violenza dalla fatalità,
216 943 1648 1002 e, come prova la sua morte, da un'intenzionalità profonda. Per tutta la vita subì il
220 1019 1638 1074 fascino della violenza come modo di essere: è un atteggiamento tipico del nostro
220 1095 1632 1151 secolo. Più che la violenza in sè, come scarica emotiva, gli scatti e le tensioni in-
222 1171 1622 1227 terne della violenza agivano in lui come stimolo dell'immaginazione". Dice
220 1244 1652 1306 anche: "Guardando e cercando al di là della facciata della vita, Pollock cercò
220 1319 1662 1374 di fondere l'intelletto con la capacità emotiva e di congiungere corpo e spirito". "Lottò
226 1395 1656 1452 continuamente per dare forma, ricomporre, trascendere la realtà". Il critico e bio-
238 1475 1668 1530 grafo ha dunque ricostruito gli elementi primi di un temperamento, da cui si è sprigiona-
220 1563 1652 1602 to un talento così singolare di artista. Il più grande, certo, di una generazione di "male-
216 1637 1425 1671 detti" della pittura moderna. Nella patria di Edgar Poe, l'alcool è stato,
1372 1598 1550 1632 per così dire,
1425 1640 1640 1676 complice di e-
220 1699 1670 1756 saltazioni poetiche, di raggiunte realtà poetiche. Le notizie biografiche incalzano in tale di-
216 1777 1176 1832 rezione, di esistenza votata alla pittura estrema, e alla morte.
260 1847 1674 1906 "Gli ultimi dieci anni della vita recarono a Pollock successo e fama. Egli lavorava quasi
220 1929 1652 1986 incessantemente, come un ossesso". Inseguiva e avvertiva di raggiungere i lembi del suo
224 2003 1672 2060 sogno, dell'ossessione formale. "A quel tempo, Pollock beveva moltissimo... Egli visse
