1798 2516
138 492 1548 547 sorta di tranquilla felicità, di aspettativa lungamente preparata. Era la Fornarina di Raffaello. Non era più
136 570 1562 626 un quadro. Non era una perfetta e straordinaria opera di pittura. Era una presenza umana, e insieme
134 644 1548 700 un miracolo di poesia pittorica. La repentina felicità, e lietezza, mi fecero sentire quasi come un rossore,
146 721 1556 774 che dal viso mi passava nell'animo. Guardai, e mi avvicinai al portentoso ritratto, come ci si avvicina
148 800 1546 856 a creatura vivente. La dama, la fanciulla sedeva quieta, silenziosa, e attenta, nel suo scranno, reggendo
142 874 1560 932 con una mano i lievi veli che ne coprono, non più concreti di un fiato, di un soffio d'aria estiva,
146 948 1558 1003 il busto ignudo. La seconda mano: le lunghe dita disciolte, posava su d'una gamba, dove questa si stacca
146 1026 1558 1082 dal tronco. Tutto il suo corpo riluceva in quell'incanto di carnalità amorosa. Poichè il pensiero, e quasi
144 1102 1568 1156 la coscienza di un senso d'amore e di passione amorosa, sono soffusi in ogni parte, e riscaldano di un ca-
142 1175 1540 1234 lore continuo, temperato, così il volto, come le spalle, il petto scoperto, le braccia, e quel lembo di ventre
140 1266 1554 1306 che il velo, invece di nascondere, rende più vivo e respirante. Gli occhi, dopo il momento della meraviglia, e
142 1344 381 1378 dell'incanto <???>
278 1306 560 1340 espressi in quel mio
381 1340 1546 1377 rossore, mi tornavano a quel volto: a quella forma di completa unità naturale, che lo
142 1402 1552 1464 spirito, e la mente del pittore, esprimeva e concludeva, dentro una linea, un contorno e uno spazio, dentro
146 1496 875 1531 una melodiosa figura di grazia e di poesia. Ed era,
845 1460 872 1492 è
875 1494 1550 1529 come si sa, una forma ovale, ferma, solida, compatta.
148 1574 182 1605 Un
144 1532 196 1564 Un
182 1568 1560 1608 ovo, dove è contenuta la gioia, e il pensiero della gioia trapassata in linee e colore. In pittura. Quella
146 1632 1362 1692 forma, unica al mondo, quella geometria del cuore, non ha altro nome che: Raffaello.
144 1716 197 1764 <???>
183 1689 214 1720 Mi
197 1708 1580 1764 rivolsi verso la finestra. Mi accostai alla finestra. Là sotto, la città, come in ampio crogiuolo, rac-
140 1786 1594 1843 coglieva il passaggio, e le azioni, il movimento, e l'ansia, e l'inquieta esistenza, che sembra rifluire
140 1862 1590 1918 dalle rive del mondo. La vita degli uomini. Il tempo di oggi. Dove giungeva anche, come in un mor-
146 1935 1548 1994 morio soffocato, ma non cancellabile, il tormento, il sogno di quell'essere umano, che ha nome
158 2010 1366 2071 Jackson Pollock. Un grumo di vita, percorso di gridi, di invocazioni. Senza pace.
1082 2148 1270 2203 11.I.1962
